@online{Dem15,
	title = {TAPRegExt: A VOResource Schema Extension for Describing TAP Services Version 1.1},
	year = {2015},
	url = {http://www.ivoa.net/documents/TAPRegExt/},
	author = { Demleitner, Markus and Dowler, Patrick and Plante, Ray and Rixon, Guy and Taylor, Mark},
	label = {Dem15},
}

@online{Pat10,
	title = {Observation Locator Table Access Protocol 0.4},
	year = {2019},
	url = {http://www.ivoa.net/documents/ObsLocTAP/index.html},
	author = { Dowler, Patrick and Rixon, Guy and Tody, Doug},
	label = {Pat10},
}

@online{Lou17,
	title = {Observation Data Model Core Components and its Implementation in the Table Access Protocol},
	year = {2017},
	url = {http://www.ivoa.net/documents/ObsCore/},
	author = { Louys, Mireille and Tody, Doug and Dowler, Patrick and Durand, Daniel and Michel, Laurent and Bonnarel, Francois and Micol, Alberto},
	label = {Lou17},
}

@online{Ina08,
	title = {IVOA Astronomical Data Query Language Version 2.0},
	year = {2008},
	url = {http://www.ivoa.net/documents/ADQL/2.0},
	author = { Ortiz, IÃ±aki and Lusted, Jeff and Dowler, Patrick and Szalay, Alexander and Shirasaki, Yuji and Nieto-Santisteban, Maria A. and Ohishi, Masatoshi and O'Mullane, William and Osuna, Pedro},
	label = {Ina08},
}

@online{Fra13,
	title = {VOTable Format Definition Version 1.3},
	year = {2013},
	url = {http://www.ivoa.net/documents/VOTable/},
	author = { Ochsenbein, Francois and Williams, Roy and Davenhall, Clive and Demleitner, Markus and Durand, Daniel and Fernique, Pierre and Giaretta, David and Hanisch, Robert and McGlynn, Tom and Szalay, Alex and Taylor, Mark and Wicenec, Andreas},
	label = {Fra13},
}

@online{TAP,
	title = {Table Access Protocol},
	year = {2010},
	url = {http://www.ivoa.net/Documents/TAP/},
	author = { Dowler, Patrick and Tody, Doug and Rixon, Guy},
	label = {TAP},
}

@misc{std:RFC2119,
        Author = {Scott Bradner},
        Howpublished = {RFC 2119},
        Month = mar,
        Organization = {IETF},
        Title = {Key words for use in {RFCs} to Indicate Requirement Levels},
        Url = {http://www.ietf.org/rfc/rfc2119.txt},
        Year = {1997},
}